@article{Leisch:2003,
  author = {Friedrich Leisch},
  title = {Sweave, Part {II}: Package Vignettes},
  journal = {R News},
  year = 2003,
  volume = 3,
  number = 2,
  pages = {21--24},
  month = {October},
  url = {http://CRAN.R-project.org/doc/Rnews/},
  note = {\url{http://CRAN.R-project.org/doc/Rnews/}}
}

@article{Leisch:2002,
  author = {Friedrich Leisch},
  title = {Sweave, Part {I}: Mixing {R} and {\LaTeX}},
  journal = {R News},
  year = 2002,
  volume = 2,
  number = 3,
  pages = {28--31},
  month = {December},
  url = {http://CRAN.R-project.org/doc/Rnews/},
  note = {\url{http://CRAN.R-project.org/doc/Rnews/}}
}

@Manual{Xie:2014,
  title = {knitr: A general-purpose package for dynamic report
    generation in R},
  author = {Yihui Xie},
  year = 2014,
  note = {R package version 1.6, \url{http://yihui.name/knitr/}},
  url = {http://yihui.name/knitr/},
}

@Book{Xie:2013,
  title = {Dynamic Documents with {R} and knitr},
  author = {Yihui Xie},
  publisher = {Chapman and Hall/CRC},
  address = {Boca Raton, Florida},
  year = {2013},
  note = {ISBN 978-1482203530, \url{http://yihui.name/knitr/}},
  url = {http://yihui.name/knitr/},
}

@article{Hofner:2015,
  author = {B. Hofner and M. Schmid and L. Edler},
  title = {Reproducible research in statistics: A
           review and guidelines for the {Biometrical Journal}},
  journal = {Biometrical Journal},
  year = 2015,
  note = {Online First, DOI {\href{http://dx.doi.org/10.1002/bimj.201500156}{10.1002/bimj.201500156}}}
}